@book{fval,
  author    = {Beaver, D. and Micali, S. and Rogaway, P.},
  title     = {The Round Complexity of Secure Protocols},
  year      = {1990},
  isbn      = {0897913612},
  publisher = {Association for Computing Machinery},
  address   = {New York, NY, USA},
  url       = {https://doi.org/10.1145/100216.100287},
  doi       = {10.1145/100216.100287},
  booktitle = {Proceedings of the Twenty-Second Annual ACM Symposium on Theory of Computing},
  pages     = {503–513},
  numpages  = {11},
  location  = {Baltimore, Maryland, USA},
  series    = {STOC '90}
}

@inproceedings{prog,
  author    = {Beaver, D. and Micali, S. and Rogaway, P.},
  title     = {The Round Complexity of Secure Protocols},
  year      = {1990},
  isbn      = {0897913612},
  publisher = {Association for Computing Machinery},
  address   = {New York, NY, USA},
  url       = {https://doi.org/10.1145/100216.100287},
  doi       = {10.1145/100216.100287},
  booktitle = {Proceedings of the Twenty-Second Annual ACM Symposium on Theory of Computing},
  pages     = {503–513},
  numpages  = {11},
  location  = {Baltimore, Maryland, USA},
  series    = {STOC '90}
}

@article{mvsis,
  author  = {Minxi Gao, Jie-Hong Jiang, Yunjian Jiang, Yinghua Li, Subarna Sinha and Robert Brayton},
  title   = {MVSIS},
  journal = {The Notes of the International Workshop on Logic Synthesis},
  year    = {2001}
}

@inproceedings{ICCD_1997,
  author    = {Peichen Pan},
  booktitle = {Proceedings International Conference on Computer Design VLSI in Computers and Processors},
  title     = {Continuous retiming: algorithms and applications},
  year      = {1997},
  volume    = {},
  number    = {},
  pages     = {116-121},
  doi       = {10.1109/ICCD.1997.628857}
}

@inproceedings{ICCAD97,
  author    = {Bertacco and Damiani},
  booktitle = {1997 Proceedings of IEEE International Conference on Computer Aided Design (ICCAD)},
  title     = {The disjunctive decomposition of logic functions},
  year      = {1997},
  volume    = {},
  number    = {},
  pages     = {78-82},
  doi       = {10.1109/ICCAD.1997.643371}
}

@article{TCAD92,
  author    = {Lu{\'{\i}}s Miguel Silveira and
               Jacob K. White and
               Hor{\'{a}}cio C. Neto and
               Lu{\'{\i}}s M. Vidigal},
  title     = {On exponential fitting for circuit simulation},
  journal   = {{IEEE} Trans. Comput. Aided Des. Integr. Circuits Syst.},
  volume    = {11},
  number    = {5},
  pages     = {566--574},
  year      = {1992},
  url       = {https://doi.org/10.1109/43.127618},
  doi       = {10.1109/43.127618},
  timestamp = {Thu, 24 Sep 2020 11:27:28 +0200},
  biburl    = {https://dblp.org/rec/journals/tcad/SilveiraWNV92.bib},
  bibsource = {dblp computer science bibliography, https://dblp.org}
}